@article{artykul:12,
  author    = {Autor Artyku³u},
  title     = {Tytu³ artyku³u},
  journal   = {Wydawnictwo},
  volume    = {35},
  number    = {4},
  year      = {2012},
  pages     = {813-825}
 }
@misc{pozostale:12,
 author		= {Autor Pozosta³e},
 title		= {Tytu³ Pozosta³e},
 year			= {2012}
}
@book{Chollet:2018,
	author		= {Francois Chollet},
	title 		= {Deep Learning with Python},
	year 		= {2018},
	address	= {},
	publisher 	= {}
}